<?xml version = "1.0" encoding = "UTF-8"?><OAI-PMH xmlns="http://www.openarchives.org/OAI/2.0/" xmlns:xsi="http://www.w3.org/2001/XMLSchema-instance" xsi:schemaLocation="http://www.openarchives.org/OAI/2.0/ http://www.openarchives.org/OAI/2.0/OAI-PMH.xsd"><ListRecords><record><header><identifier>aleph-publish:004867578</identifier></header><metadata><record xmlns="http://www.ddb.de/professionell/mabxml/mabxml-1.xsd"><leader>00403vM2.01200024------h</leader><controlfield tag="LDR">00403vM2.01200024------h</controlfield><controlfield tag="FMT">MH</controlfield><datafield tag="001" ind1="-" ind2="1"><subfield code="a">HT003160768</subfield></datafield><datafield tag="002" ind1="a" ind2="1"><subfield code="a">19931111</subfield></datafield><datafield tag="003" ind1="-" ind2="1"><subfield code="a">20031104</subfield></datafield><datafield tag="025" ind1="o" ind2="1"><subfield code="a">75089247</subfield></datafield><controlfield tag="030">a|1uc||||||27</controlfield><datafield tag="036" ind1="a" ind2="1"><subfield code="a">DE</subfield></datafield><datafield tag="037" ind1="b" ind2="1"><subfield code="a">ger</subfield></datafield><controlfield tag="050">a|||||||||||||</controlfield><controlfield tag="051">n|||||||</controlfield><datafield tag="070" ind1="-" ind2="1"><subfield code="a">464</subfield></datafield><datafield tag="070" ind1="b" ind2="1"><subfield code="a">385</subfield></datafield><datafield tag="078" ind1="n" ind2="1"><subfield code="a">NWBib-6</subfield></datafield><datafield tag="080" ind1="-" ind2="1"><subfield code="a">60</subfield></datafield><datafield tag="200" ind1="-" ind2="1"><subfield code="g">Regierungsbezirk Münster</subfield><subfield code="9">(DE-588)4040613-1</subfield></datafield><datafield tag="201" ind1="-" ind2="1"><subfield code="g">Bezirk Münster (Westf)</subfield></datafield><datafield tag="201" ind1="-" ind2="1"><subfield code="g">Regierungsbezirk Münster</subfield><subfield code="x">Regierung</subfield></datafield><datafield tag="201" ind1="-" ind2="1"><subfield code="g">Regierungsbezirk Münster</subfield><subfield code="x">Königliche Regierung</subfield></datafield><datafield tag="201" ind1="-" ind2="1"><subfield code="g">Regierungsbezirk Münster</subfield><subfield code="x">Regierungspräsident</subfield></datafield><datafield tag="201" ind1="-" ind2="1"><subfield code="g">Regierungsbezirk Münster</subfield><subfield code="x">Bezirkstag</subfield></datafield><datafield tag="201" ind1="-" ind2="1"><subfield code="g">Regierungsbezirk Münster</subfield><subfield code="x">Dezernat 45 3</subfield></datafield><datafield tag="201" ind1="-" ind2="1"><subfield code="g">Regierungsbezirk Münster</subfield><subfield code="x">Bezirksregierung</subfield></datafield><datafield tag="201" ind1="-" ind2="1"><subfield code="g">Bezirksregierung Münster</subfield></datafield><datafield tag="201" ind1="-" ind2="1"><subfield code="g">Regierungsbezirk Münster</subfield><subfield code="x">Schulabteilung</subfield></datafield><datafield tag="201" ind1="-" ind2="1"><subfield code="g">Regierungsbezirk Münster</subfield><subfield code="x">Lehrerfortbildung</subfield></datafield><datafield tag="201" ind1="-" ind2="1"><subfield code="g">Regierungsbezirk Münster</subfield><subfield code="x">Lehrer-Fort- und -Weiterbildung</subfield></datafield><datafield tag="201" ind1="-" ind2="1"><subfield code="g">Regierungsbezirk Münster</subfield><subfield code="x">Dezernat 61</subfield></datafield><datafield tag="201" ind1="-" ind2="1"><subfield code="g">Regierungsbezirk Münster</subfield><subfield code="x">Dezernat 45</subfield></datafield><datafield tag="331" ind1="a" ind2="1"><subfield code="a">Gebietsentwicklungsplan</subfield></datafield><datafield tag="333" ind1="-" ind2="1"><subfield code="a">Regierungsbezirk Münster</subfield></datafield><datafield tag="410" ind1="-" ind2="1"><subfield code="a">Münster</subfield></datafield><datafield tag="412" ind1="-" ind2="1"><subfield code="a">Der Regierungspräsident</subfield></datafield><datafield tag="425" ind1="b" ind2="1"><subfield code="a">1980</subfield></datafield><datafield tag="700" ind1="n" ind2="1"><subfield code="a">Regierungsbezirk Münster</subfield><subfield code="0">https://nwbib.de/spatial#Q7920</subfield></datafield><datafield tag="700" ind1="n" ind2="1"><subfield code="a">Regionalplanung</subfield><subfield code="0">https://nwbib.de/subjects#N572030</subfield></datafield><datafield tag="902" ind1="-" ind2="1"><subfield code="g">Regierungsbezirk Münster</subfield><subfield code="9">(DE-588)4040613-1</subfield></datafield><datafield tag="902" ind1="-" ind2="1"><subfield code="s">Landesplanung</subfield><subfield code="9">(DE-588)4034268-2</subfield></datafield><datafield tag="903" ind1="-" ind2="1"><subfield code="a">21</subfield></datafield><controlfield tag="SYS">004867578</controlfield><datafield tag="952" ind1="-" ind2="1"><subfield code="g">Bezirk Münster (Westf)</subfield></datafield><datafield tag="952" ind1="-" ind2="1"><subfield code="g">Regierungsbezirk Münster</subfield><subfield code="x">Regierung</subfield></datafield><datafield tag="952" ind1="-" ind2="1"><subfield code="g">Regierungsbezirk Münster</subfield><subfield code="x">Königliche Regierung</subfield></datafield><datafield tag="952" ind1="-" ind2="1"><subfield code="g">Regierungsbezirk Münster</subfield><subfield code="x">Regierungspräsident</subfield></datafield><datafield tag="952" ind1="-" ind2="1"><subfield code="g">Regierungsbezirk Münster</subfield><subfield code="x">Bezirkstag</subfield></datafield><datafield tag="952" ind1="-" ind2="1"><subfield code="g">Regierungsbezirk Münster</subfield><subfield code="x">Dezernat 45 3</subfield></datafield><datafield tag="952" ind1="-" ind2="1"><subfield code="g">Regierungsbezirk Münster</subfield><subfield code="x">Bezirksregierung</subfield></datafield><datafield tag="952" ind1="-" ind2="1"><subfield code="g">Bezirksregierung Münster</subfield></datafield><datafield tag="952" ind1="-" ind2="1"><subfield code="g">Regierungsbezirk Münster</subfield><subfield code="x">Schulabteilung</subfield></datafield><datafield tag="952" ind1="-" ind2="1"><subfield code="g">Regierungsbezirk Münster</subfield><subfield code="x">Lehrerfortbildung</subfield></datafield><datafield tag="952" ind1="-" ind2="1"><subfield code="g">Regierungsbezirk Münster</subfield><subfield code="x">Lehrer-Fort- und -Weiterbildung</subfield></datafield><datafield tag="952" ind1="-" ind2="1"><subfield code="g">Regierungsbezirk Münster</subfield><subfield code="x">Dezernat 61</subfield></datafield><datafield tag="952" ind1="-" ind2="1"><subfield code="g">Regierungsbezirk Münster</subfield><subfield code="x">Dezernat 45</subfield></datafield><datafield tag="952" ind1="-" ind2="1"><subfield code="s">Gebietsplanung</subfield></datafield><datafield tag="952" ind1="-" ind2="1"><subfield code="s">Landesentwicklungsplanung</subfield></datafield><datafield tag="088" ind1=" " ind2=" "><subfield code="a">385</subfield><subfield code="b">45</subfield><subfield code="c">ONG/g52127</subfield><subfield code="e">Keine Angabe</subfield></datafield><datafield tag="088" ind1=" " ind2=" "><subfield code="a">6/NT</subfield></datafield><datafield tag="088" ind1=" " ind2=" "><subfield code="a">465/PT</subfield></datafield><datafield tag="700" ind1=" " ind2="9"><subfield code="a">45=ONG</subfield><subfield code="2">T0011</subfield></datafield></record></metadata></record></ListRecords></OAI-PMH>